 @inproceedings{wang2015gender,
  title={Gender differences in factors influencing pursuit of computer science and related fields},
  author={Wang, Jennifer and Hong, Hai and Ravitz, Jason and Ivory, Marielena},
  booktitle={Proceedings of the 2015 ACM Conference on Innovation and Technology in Computer Science Education},
  pages={117--122},
  year={2015}
}

@article{ostrom2008difference,
  title={The Difference: How the Power of Diversity Creates Better Groups, Firms, Schools, and Societies. By Scott E. Page. Princeton: Princeton University Press, 2007. 448p. 19.95 paper.},
  author={Ostrom, Elinor},
  journal={Perspectives on Politics},
  volume={6},
  number={4},
  pages={828--829},
  year={2008},
  publisher={Cambridge University Press}
}

@inproceedings{bayliss2006games,
  title={Games as a" flavor" of CS1},
  author={Bayliss, Jessica D and Strout, Sean},
  booktitle={Proceedings of the 37th SIGCSE technical symposium on Computer science education},
  pages={500--504},
  year={2006}
}
 
 @article {cleggtrayhurn2000, title={Gender and computing: Not The same old problem}, volume={26}, DOI={10.1080/014119200109525}, number={1}, journal={British Educational Research Journal}, author={Clegg, Sue and Trayhurn, Deborah}, year={2000}, pages={75â€“89}} 
 
 @misc{girlswhocode2021, title={About Us}, url={https://girlswhocode.com/about-us}, journal={Girls Who Code}, year={2021}, month={12}} 
 
 
 @inproceedings{malone1981makes,
  title={What makes computer games fun?},
  author={Malone, Thomas},
  booktitle={Proceedings of the Joint Conference on Easier and More Productive Use of Computer Systems.(Part-II): Human Interface and the User Interface-Volume 1981},
  pages={143},
  year={1981}
}

@article{qin2009measuring,
  title={Measuring player immersion in the computer game narrative},
  author={Qin, Hua and Patrick Rau, Pei-Luen and Salvendy, Gavriel},
  journal={Intl. Journal of Human--Computer Interaction},
  volume={25},
  number={2},
  pages={107--133},
  year={2009},
  publisher={Taylor \& Francis}
}

@book{blascovich2011infinite,
  title={Infinite reality: Avatars, eternal life, new worlds, and the dawn of the virtual revolution},
  author={Blascovich, Jim and Bailenson, Jeremy},
  year={2011},
  publisher={William Morrow \& Co}
}